
@article{1,
    author =       "Tom Doel; Dzhoshkun I. Shakir1; Rosalind Pratt; Michael Aertsen; James Moggridge; Erwin Bellon; Anna L. David; Jan Deprest; Tom Vercauteren; Sébastien Ourselin",
    title =        "GIFT-Cloud: A data sharing and collaboration platform for medical imaging research, 2016",
DOI="https://doi.org/10.1016/j.cmpb.2016.11.004"
}

@article{2,
    author =       "Bojan Suzic; Andreas Reiter; Florian Reimair; Daniele Venturi; Baldur Kubo",
    title =        "Secure Data Sharing and Processing in Heterogeneous Clouds, 2015",
DOI="https://doi.org/10.1016/j.procs.2015.09.228"
} 

@article{3,
    author =       "Ismail Hababeh",
    title =        "Data Migration among Different Clouds",
    DOI =          "https://arxiv.org/ftp/arxiv/papers/1512/1512.08383.pdf"
}

@online{4,
    title     = "Jakob Jenkov OAuth 2.0 tutorial",
    url       = "http://tutorials.jenkov.com/oauth2/overview.html"
}

@article{5,
    author =       "Z. Xiao and Y. Xiao",
    title =        "Security and privacy in cloud computing, Communications Surveys and Tutorials, IEEE 2012 Issue 99, pages 1–17, 2012",
    DOI="http://ieeexplore.ieee.org/stamp/stamp.jsp?arnumber=6238281"
}


@article{6,
    author =       "V. Goyal; O. Pandey; A. Sahai and B. Waters",
    title =        "Attribute-based encryption for fine-grained access control of encrypted data",
    DOI ="https://eprint.iacr.org/2006/309.pdf"
}

@article{7,
    author =       "X. A. Wang and W. Zhong",
    title =        "A new identity based proxy re-encryption scheme",
    DOI="10.1109/ICBECS.2010.5462448"
}

@article{8,
    author =       "S. Yu; C. Wang; K. Ren and W. Lou",
    title =        "Achieving secure, scalable, and fine-grained data access control in cloud computing",
    DOI="10.1109/INFCOM.2010.5462174"
}

@article{9,
    author =       "Boyang Wang; Sherman S. M. Chow; Ming Li and Hui Li",
    title =        "Storing Shared Data on the Cloud via Security-Mediator",
DOI="10.1109/ICDCS.2013.60"
}

@online{10,
    title     = "Wikipedia on WCF",
    url       = "https://en.wikipedia.org/wiki/Windows_Communication_Foundation"
}

@online{11,
    title     = "Windows communication foundation",
    url       = "https://msdn.microsoft.com/en-us/library/ms731082(v=vs.110).aspx"
}

@article{12,
    author =       "Parvinder Kaur; Manish Mahajan",
    title =        "Online Data Migration between Heterogeneous Cloud Storages",
    DOI =          "https://www.ijircce.com/upload/2014/june/6K_Online.pdf"
}
 
@online{13,
   title="Secuirty threats and mechanisms",
   url="http://www.ieee802.org/3/efm/public/sep01/haran_1_0901.pdf"
}

@article{14,
    author =       "Azeem Ahmad ; Muhammad Mustafa Hassan ; Abdul Aziz",
    title =        "A Multi-token Authorization Strategy for Secure Mobile Cloud Computing",
    DOI =          "https://doi.org/10.1109/MobileCloud.2014.21"
}

@online{15,
    title     ="Advantages of OAuth",
    url       ="http://stackoverflow.com/questions/7561631/oauth-2-0-benefits-and-use-cases-why"
}

@online{16,
title="Data migration risks",
url="http://www.data-migrations.com/risks.html"
}

@online{17,
title="Data migration wikipedia",
url="https://en.wikipedia.org/wiki/Data_migration"
}

@online{18,
title="Authentication wikipedia",
url="https://en.wikipedia.org/wiki/Authentication"
}

@online{19,
title="Protocol wikipedia",
url="https://en.wikipedia.org/wiki/Protocol"
}

@online{20,
title="Cloud definition according to NIST",
url="http://www.csc.villanova.edu/~carterh/Courses/csc9010/sp17/slides/lecture01-introduction.pdf"
}